@Misc{website:R-LINK,
	title = {Create Executable Programs},
	howpublished = {\url{http://stat.ethz.ch/R-manual/R-devel/library/utils/html/LINK.html}},
	year = {2012},
	month = {décembre},
	note = {Consulté le 9 octobre 2013}
}

@Misc{website:R-under-Windows,
	title = {Writing R Extensions},
	howpublished = {\url{http://cran.r-project.org/doc/manuals/R-exts.html#Embedding-R-under-Windows}},
	month = {octobre},
	year = {2013},
	note = {Consulté le 9 octobre 2013}
}

@book{francq2010garch,
	title = {GARCH Models: Structure, Statistical Inference and Financial Applications},
	author = {Francq, C. and Zakoian, J.M.},
	isbn = {9780470670040},
	year = {2010},
	publisher = {Wiley}
}

@Misc{website:Palisade,
	title = {RISK: Risk Analysis Software using Monte Carlo Simulation for Excel},
	howpublished = {\url{http://www.palisade.com/risk/}},
	year = {2013},
	note = {Consulté le 5 octobre 2013}
}

@Misc{website:PortofolioScience,
	title = {RiskAPI Add-In},
	howpublished = {\url{http://www.portfolioscience.com/products/riskapi-add-in}},
	year = {2013},
	note = {Consulté le 5 octobre 2013}
}

@Misc{website:Hoadley,
	title = {VaRtools Excel Add-in},
	howpublished = {\url{http://www.hoadley.net/options/develtoolsvar.htm}},
	year = {2013},
	note = {Consulté le 5 octobre 2013}
}

@Misc{website:VoseSoftware,
	title = {ModelRisk},
	howpublished = {\url{http://www.vosesoftware.com/features.php}},
	year = {2013},
	note = {Consulté le 12 octobre 2013}
}

@Misc{website:FEA,
	title = {VaRworks},
	howpublished = {\url{http://www.fea.com/products/financial/varworks/}},
	year = {2013},
	note = {Consulté le 12 octobre 2013}
}

@Misc{website:Rho-Works,
	title = {EC-VaR},
	howpublished = {\url{http://www.rhoworks.com/ecvar.php}},
	year = {2013},
	note = {Consulté le 5 octobre 2013}
}

@Misc{website:Quartetfs,
	title = {ActivePivot},
	howpublished = {\url{http://quartetfs.com/content\?view=article\&id=22\&Itemid=39}},
	year = {2013},
	note = {Consulté le 5 octobre 2013}
}

@Misc{website:MorsSoftware,
	title = {MORS VaR},
	howpublished = {\url{http://www.morssoftware.com/solutions/var}},
	year = {2013},
	note = {Consulté le 12 octobre 2013}
}

@Misc{website:licenceGPL,
	title = {Licence GNU General Public License (GPL)},
	author = {Free Software Foundation},
	howpublished = {\url{http://www.gnu.org/copyleft/gpl.html}},
	year = {2007},
	month = {06},
	note = {Consulté le 27 septembre 2013}
}

@Misc{website:licenceLGPL,
	title = {Licence GNU Lesser General Public License (LGPL)},
	author = {Free Software Foundation},
	howpublished = {\url{http://www.gnu.org/copyleft/lgpl.html}},
	year = {2007},
	month = {juin},
	note = {Consulté le 27 septembre 2013}
}

@Misc{website:licenceBSD,
	title = {Licence Berkeley software distribution license (BSD)},
	howpublished = {\url{http://www.freebsd.org/copyright/license.html}},
	year = {1995},
	note = {Consulté le 27 septembre 2013}
}

@Misc{website:produitDerive,
	title = {Produit dérivé financier},
	howpublished = {\url{http://fr.wikipedia.org/wiki/Produit_dérivé_financier}},
	year = {2013},
	note = {Consulté le 8 octobre 2013}
}

@Misc{website:backtesting,
	title = {Backtesting},
	howpublished = {\url{http://fr.wikipedia.org/wiki/Backtesting}},
	year = {2013},
	note = {Consulté le 23 octobre 2013}
}

@Misc{website:drawndown,
	title = {Le maximum Drawdown},
	howpublished = {\url{http://www.andlil.com/le-maximum-drawdown-277.html}},
	year = {2012},
	note = {Consulté le 23 octobre 2013}
}


