@Misc{website:SQLite,
	title = {Site officiel de la librarie SQLite},
	howpublished = {\url{http://www.sqlite.org/}},
	note = {Consulté le 10 février 2014}
}

@Misc{website:libharu,
	title = {Site officiel de la librarie libharu},
	howpublished = {\url{http://libharu.org/}},
	note = {Consulté le 10 février 2014}
}

@Misc{website:libopc,
	title = {Page officiel de la librarie libopc sur CodePlex},
	howpublished = {\url{http://libopc.codeplex.com/}},
	note = {Consulté le 10 février 2014}
}

@Misc{website:R,
	title = {Site officiel de R},
	howpublished = {\url{http://www.r-project.org/}},
	note = {Consulté le 10 février 2014}
}

@Misc{website:RInside,
	title = {Page officiel des classes RInside},
	howpublished = {\url{http://cran.r-project.org/web/packages/RInside/index.html}},
	note = {Consulté le 10 février 2014}
}